<record><leader>00000cas a22000007a 4500</leader><controlfield tag="001">15300481</controlfield><controlfield tag="008">870311d19261937inudn ne      0    0eng d</controlfield><datafield ind1=" " ind2=" " tag="010"><subfield code="a">sn 87055469 </subfield></datafield><datafield ind1=" " ind2=" " tag="040"><subfield code="a">NPI</subfield><subfield code="b">eng</subfield><subfield code="c">NPI</subfield><subfield code="d">OCLCQ</subfield><subfield code="d">IUL</subfield><subfield code="d">OCLCF</subfield></datafield><datafield ind1=" " ind2=" " tag="042"><subfield code="a">msc</subfield></datafield><datafield ind1=" " ind2=" " tag="043"><subfield code="a">n-us-in</subfield></datafield><datafield ind1="0" ind2="4" tag="245"><subfield code="a">The Wabash plain dealer, and times-star.</subfield></datafield><datafield ind1="3" ind2="0" tag="246"><subfield code="a">Wabash plain dealer</subfield></datafield><datafield ind1=" " ind2=" " tag="260"><subfield code="a">Wabash, Ind. :</subfield><subfield code="b">Plain Dealer Co.,</subfield><subfield code="c">1926-1937.</subfield></datafield><datafield ind1=" " ind2=" " tag="310"><subfield code="a">Daily (except Sun.)</subfield></datafield><datafield ind1="0" ind2=" " tag="362"><subfield code="a">34th year (Mar. 1, 1926)-34th year (Apr. 2, 1926) ; v. 64, no. 80 (Apr. 3, 1926)-v. 74, no. 296 (Jan. 15, 1937).</subfield></datafield><datafield ind1=" " ind2=" " tag="500"><subfield code="a">Also published as: Wabash plain dealer, Jan. 16, 1937-Dec. 16, 1937.</subfield></datafield><datafield ind1=" " ind2="0" tag="651"><subfield code="a">Wabash (Ind.)</subfield><subfield code="v">Newspapers.</subfield></datafield><datafield ind1=" " ind2="0" tag="651"><subfield code="a">Wabash County (Ind.)</subfield><subfield code="v">Newspapers.</subfield></datafield><datafield ind1=" " ind2="7" tag="655"><subfield code="a">Newspapers.</subfield><subfield code="2">fast</subfield><subfield code="0">(OCoLC)fst01423814</subfield></datafield><datafield ind1=" " ind2="7" tag="651"><subfield code="a">Indiana</subfield><subfield code="z">Wabash.</subfield><subfield code="2">fast</subfield><subfield code="0">(OCoLC)fst01218139</subfield></datafield><datafield ind1=" " ind2="7" tag="651"><subfield code="a">Indiana</subfield><subfield code="z">Wabash County.</subfield><subfield code="2">fast</subfield><subfield code="0">(OCoLC)fst01218140</subfield></datafield><datafield ind1=" " ind2=" " tag="752"><subfield code="a">United States</subfield><subfield code="b">Indiana</subfield><subfield code="c">Wabash</subfield><subfield code="d">Wabash.</subfield></datafield><datafield ind1="0" ind2="4" tag="780"><subfield code="t">Wabash plain dealer (Wabash, Ind. : 1916 : Daily)</subfield><subfield code="w">(DLC)sn 87055468</subfield><subfield code="w">(OCoLC)15300278</subfield></datafield><datafield ind1="0" ind2="4" tag="780"><subfield code="t">Wabash daily times-star</subfield><subfield code="w">(DLC)sn 87055444</subfield><subfield code="w">(OCoLC)15302175</subfield></datafield><datafield ind1="0" ind2="0" tag="785"><subfield code="t">Wabash plain dealer (Wabash, Ind. : 1937 : Daily)</subfield><subfield code="w">(DLC)sn 87055470</subfield><subfield code="w">(OCoLC)15299227</subfield></datafield></record>